<?xml version="1.0" encoding="UTF-8"?><collection xmlns="http://www.loc.gov/MARC21/slim"><record><leader>00399nam--2200121-i-4500</leader><controlfield tag="001">000003397</controlfield><controlfield tag="002">20161230</controlfield><controlfield tag="005">20161230201025</controlfield><controlfield tag="008">060222s1000------------r-----000-0-eng-d</controlfield><datafield ind1=" " ind2=" " tag="100"><subfield code="a">Bragg, Lawrence</subfield></datafield><datafield ind1=" " ind2=" " tag="245"><subfield code="a">Elektrizitat. eine gemeinverstandliche einfuhr ung in die elektrophysik und deren technische anwendungen ... deutsche ausgabe</subfield></datafield><datafield ind1=" " ind2=" " tag="260"><subfield code="a">Wien, Springer, 1951</subfield></datafield><datafield ind1=" " ind2=" " tag="490"><subfield code="a">Xiv + 273 P. + 34 Tabl</subfield></datafield></record></collection>